% example: \cite{2014-bic,2015-ela}.

@misc{Ortiz2021,
    author = {Jheyne N. Ortiz and Robson R. de Araujo and Diego F. Aranha and Sueli I. R. Costa and Ricardo Dahab},
    title = {{The Ring-LWE problem in lattice-based cryptography: in praise of the twisted embeddings}},
    howpublished = {To be published},
    year = {2021},
}

@misc{LPV2013,
    author = {Vadim Lyubashevsky and Chris Peikert and Oded Regev},
    title = {A Toolkit for Ring-LWE Cryptography},
    howpublished = {Cryptology ePrint Archive, Report 2013/293},
    year = {2013},
    note = {\url{https://eprint.iacr.org/2013/293}},
}